<record><leader>00000cas a22000007a 4500</leader><controlfield tag="001">13754345</controlfield><controlfield tag="008">860620d18811881mauwr ne      0    0eng  </controlfield><controlfield tag="009">466</controlfield><datafield ind1=" " ind2=" " tag="010"><subfield code="a">sn 86071638 </subfield></datafield><datafield ind1=" " ind2=" " tag="040"><subfield code="a">DLC</subfield><subfield code="b">eng</subfield><subfield code="c">DLC</subfield><subfield code="d">MGN</subfield></datafield><datafield ind1="1" ind2=" " tag="029"><subfield code="a">AU@</subfield><subfield code="b">000025788662</subfield></datafield><datafield ind1=" " ind2=" " tag="042"><subfield code="a">msc</subfield></datafield><datafield ind1="0" ind2="0" tag="050"><subfield code="a">Newspaper 8160-X</subfield></datafield><datafield ind1="0" ind2=" " tag="130"><subfield code="a">Essex statesman (Marblehead, Mass.)</subfield></datafield><datafield ind1="0" ind2="4" tag="245"><subfield code="a">The Essex statesman.</subfield></datafield><datafield ind1=" " ind2=" " tag="260"><subfield code="a">Marblehead, Mass. :</subfield><subfield code="b">Chas. H. Litchman,</subfield></datafield><datafield ind1=" " ind2=" " tag="300"><subfield code="a">v. ;</subfield><subfield code="c">73 cm.</subfield></datafield><datafield ind1=" " ind2=" " tag="310"><subfield code="a">Weekly</subfield></datafield><datafield ind1="0" ind2=" " tag="362"><subfield code="a">Vol. 1, no. 1 (Jan. 6, 1881)-v. 1, no. 43 (Oct. 27, 1881).</subfield></datafield><datafield ind1=" " ind2=" " tag="752"><subfield code="a">United States</subfield><subfield code="b">Massachusetts</subfield><subfield code="c">Essex</subfield><subfield code="d">Marblehead.</subfield></datafield><datafield ind1="0" ind2=" " tag="775"><subfield code="t">Essex statesman (Marblehead, Mass. : Monday ed.)</subfield><subfield code="w">(DLC)sn 94055855</subfield></datafield><datafield ind1="0" ind2="0" tag="785"><subfield code="t">Essex County statesman and Marblehead reporter</subfield><subfield code="w">(DLC)sn 94055854</subfield></datafield></record>